<record><leader>00000cas a22000007a 4500</leader><controlfield tag="001">20335546</controlfield><controlfield tag="008">890913d18821979mouwr ne      0    0eng d</controlfield><datafield ind1=" " ind2=" " tag="010"><subfield code="a">sn 89066997 </subfield></datafield><datafield ind1=" " ind2=" " tag="040"><subfield code="a">MQN</subfield><subfield code="b">eng</subfield><subfield code="c">MQN</subfield><subfield code="d">OCLCQ</subfield><subfield code="d">DLC</subfield></datafield><datafield ind1=" " ind2=" " tag="042"><subfield code="a">msc</subfield></datafield><datafield ind1="0" ind2=" " tag="130"><subfield code="a">Farmington news (Farmington, Mo.)</subfield></datafield><datafield ind1="1" ind2="4" tag="245"><subfield code="a">The Farmington news.</subfield></datafield><datafield ind1=" " ind2=" " tag="260"><subfield code="a">Farmington, Mo. :</subfield><subfield code="b">Harry Denman [and] Clint H. Denman,</subfield><subfield code="c">-1979.</subfield></datafield><datafield ind1=" " ind2=" " tag="300"><subfield code="a">v.</subfield></datafield><datafield ind1=" " ind2=" " tag="310"><subfield code="a">Weekly</subfield></datafield><datafield ind1="1" ind2=" " tag="362"><subfield code="a">Began in 1882?</subfield></datafield><datafield ind1="0" ind2=" " tag="362"><subfield code="a">-v. 95, no. 35 (Aug. 31, 1979).</subfield></datafield><datafield ind1=" " ind2=" " tag="588"><subfield code="a">Description based on: Vol. 18, no. 41 (May 24, 1901).</subfield></datafield><datafield ind1=" " ind2=" " tag="752"><subfield code="a">United States</subfield><subfield code="b">Missouri</subfield><subfield code="c">Saint Francois</subfield><subfield code="d">Farmington.</subfield></datafield><datafield ind1="0" ind2="5" tag="780"><subfield code="t">Farmington times (1905)</subfield><subfield code="x">2378-5152</subfield><subfield code="w">(DLC)sn 89066996</subfield><subfield code="w">(OCoLC)20335537</subfield></datafield><datafield ind1="0" ind2="7" tag="785"><subfield code="t">County advertiser</subfield><subfield code="w">(DLC)sn 89066999</subfield></datafield><datafield ind1="0" ind2="7" tag="785"><subfield code="t">County news/advertiser</subfield><subfield code="w">(DLC)sn 89067000</subfield></datafield></record>